@book{Ziomek,
	author={Lawrence J. Ziomek},
	title={An introduction to sonar systems engineering},
	edition={1st},
	publisher={Taylor \& Francis/CRC},
	address={Boca Raton, FL},
	year={2017}
}